

@article{mcgowan2025,
author = {Lucy Dâ€™Agostino McGowan},
title = {Using Mathlink Cubes to Introduce Data Wrangling with Examples in R},
journal = {Journal of Statistics and Data Science Education},
volume = {0},
number = {0},
pages = {1--10},
year = {2025},
publisher = {Taylor \& Francis},
doi = {10.1080/26939169.2025.2485234}
}


